<record><leader>00000cas a2200000 a 4500</leader><controlfield tag="001">11522397</controlfield><controlfield tag="008">841221d19201990ncudr ne      0    0eng  </controlfield><datafield ind1=" " ind2=" " tag="010"><subfield code="a">sn 84020773 </subfield></datafield><datafield ind1=" " ind2=" " tag="040"><subfield code="a">DLC</subfield><subfield code="b">eng</subfield><subfield code="c">DLC</subfield><subfield code="d">NSD</subfield><subfield code="d">NYS</subfield><subfield code="d">NVJ</subfield><subfield code="d">DLC</subfield><subfield code="d">OCLCQ</subfield><subfield code="d">OCLCO</subfield><subfield code="d">OCLCF</subfield></datafield><datafield ind1="1" ind2=" " tag="029"><subfield code="a">AU@</subfield><subfield code="b">000020344328</subfield></datafield><datafield ind1=" " ind2=" " tag="042"><subfield code="a">pcc</subfield></datafield><datafield ind1=" " ind2=" " tag="043"><subfield code="a">n-us-nc</subfield></datafield><datafield ind1="0" ind2="0" tag="050"><subfield code="a">Newspaper</subfield></datafield><datafield ind1="0" ind2=" " tag="130"><subfield code="a">Fayetteville observer (Fayetteville, N.C. : 1920)</subfield></datafield><datafield ind1="1" ind2="0" tag="245"><subfield code="a">Fayetteville observer.</subfield></datafield><datafield ind1="1" ind2=" " tag="246"><subfield code="i">On Saturday and Sunday published as:</subfield><subfield code="a">Fayetteville observer Fayetteville times</subfield><subfield code="f">&lt;Nov. 7, 1982&gt;-Aug. 26, 1990</subfield></datafield><datafield ind1=" " ind2=" " tag="260"><subfield code="a">Fayetteville, N.C. :</subfield><subfield code="b">Park Pub. Co.,</subfield><subfield code="c">1920-1990.</subfield></datafield><datafield ind1=" " ind2=" " tag="300"><subfield code="a">141 v.</subfield></datafield><datafield ind1=" " ind2=" " tag="310"><subfield code="a">Daily,</subfield><subfield code="b">Jan. 6, 1957-Aug. 31, 1990</subfield></datafield><datafield ind1=" " ind2=" " tag="321"><subfield code="a">Daily (except Sunday),</subfield><subfield code="b">Feb. 11, 1920-Jan. 5, 1957</subfield></datafield><datafield ind1="0" ind2=" " tag="362"><subfield code="a">Vol. 34, no. 9 (Feb. 11, 1920)-v. 175, no. 240 (Aug. 31, 1990).</subfield></datafield><datafield ind1=" " ind2=" " tag="500"><subfield code="a">Issue for Apr. 12, 1954 called also "Cumberland bicentenial edition."</subfield></datafield><datafield ind1=" " ind2=" " tag="580"><subfield code="a">Merged with: Fayetteville times, to form: Fayetteville observer-times.</subfield></datafield><datafield ind1=" " ind2="0" tag="651"><subfield code="a">Fayetteville (N.C.)</subfield><subfield code="v">Newspapers.</subfield></datafield><datafield ind1=" " ind2="7" tag="655"><subfield code="a">Newspapers.</subfield><subfield code="2">fast</subfield><subfield code="0">(OCoLC)fst01423814</subfield></datafield><datafield ind1=" " ind2="7" tag="651"><subfield code="a">North Carolina</subfield><subfield code="z">Fayetteville.</subfield><subfield code="2">fast</subfield><subfield code="0">(OCoLC)fst01204294</subfield></datafield><datafield ind1=" " ind2=" " tag="752"><subfield code="a">United States</subfield><subfield code="b">North Carolina</subfield><subfield code="c">Cumberland</subfield><subfield code="d">Fayetteville.</subfield></datafield><datafield ind1="0" ind2="0" tag="780"><subfield code="t">Fayetteville daily observer</subfield><subfield code="w">(DLC)sn 92074074</subfield><subfield code="w">(OCoLC)26368985</subfield></datafield><datafield ind1="1" ind2="7" tag="785"><subfield code="t">Fayetteville times</subfield><subfield code="w">(DLC)sn 92074072</subfield><subfield code="w">(OCoLC)13197457</subfield></datafield><datafield ind1="1" ind2="7" tag="785"><subfield code="t">Fayetteville observer-times</subfield><subfield code="x">1052-9829</subfield><subfield code="w">(DLC)sn 90003861</subfield><subfield code="w">(OCoLC)22441454</subfield></datafield></record>